@article{Halevi2005,
  title={A plausible approach to computer-aided cryptographic proofs.},
  author={Halevi, Shai},
  journal={IACR Cryptology ePrint Archive},
  volume={2005},
  pages={181},
  year={2005},
  publisher={Citeseer}
}

@article{Shoup2004,
  title={Sequences of games: a tool for taming complexity in security proofs.},
  author={Shoup, Victor},
  journal={IACR Cryptology ePrint Archive},
  volume={2004},
  pages={332},
  year={2004}
}

@incollection{Canetti2006,
  title={Universally composable symbolic analysis of mutual authentication and key-exchange protocols},
  author={Canetti, Ran and Herzog, Jonathan},
  booktitle={Theory of Cryptography},
  pages={380--403},
  year={2006},
  publisher={Springer}
}

@book{Ouyousuuri2010,
  title={Formal Approach to Information Security},
  editor={Masami Hagiya and Yasuyuki Tsukada},
  year={2010},
  publisher={Kyoritsu Shuppan},
  note={Supervised by The Japan Society for Industrial
and Applied Mathematics, the series of industrial and applied mathematics 
volume 1 (in Japanese)}
}

@article{GoldwasserMicali1984,
  title={Probabilistic encryption},
  author={Goldwasser, Shafi and Micali, Silvio},
  journal={Journal of computer and system sciences},
  volume={28},
  number={2},
  pages={270--299},
  year={1984},
  publisher={Elsevier}
}

@article{DolevDworkNaor2003,
  title={Nonmalleable cryptography},
  author={Dolev, Danny and Dwork, Cynthia and Naor, Moni},
  journal={SIAM review},
  volume={45},
  number={4},
  pages={727--784},
  year={2003},
  publisher={SIAM}
}

@inproceedings{Benalohetal1994,
  title={Receipt-free secret-ballot elections},
  author={Benaloh, Josh and Tuinstra, Dwight},
  booktitle={Proceedings of the twenty-sixth annual ACM symposium on Theory of computing},
  pages={544--553},
  year={1994},
  organization={ACM}
}

@inproceedings{Juelsetal2005,
  title={Coercion-resistant electronic elections},
  author={Juels, Ari and Catalano, Dario and Jakobsson, Markus},
  booktitle={Proceedings of the 2005 ACM workshop on Privacy in the electronic society},
  pages={61--70},
  year={2005},
  organization={ACM}
}

@incollection{Lowe1996,
  title={Breaking and fixing the Needham-Schroeder public-key protocol using FDR},
  author={Lowe, Gavin},
  booktitle={Tools and Algorithms for the Construction and Analysis of Systems},
  pages={147--166},
  year={1996},
  publisher={Springer}
}

@article{Cervesato2008,
  title={Breaking and fixing public-key Kerberos},
  author={Cervesato, Iliano and Jaggard, Aaron D and Scedrov, Andre and Tsay, Joe-Kai and Walstad, Christopher},
  journal={Information and Computation},
  volume={206},
  number={2},
  pages={402--424},
  year={2008},
  publisher={Elsevier}
}

@inproceedings{Shoup2001oaep,
  title={OAEP reconsidered},
  author={Shoup, Victor},
  booktitle={Advances in Cryptology―CRYPTO 2001},
  pages={239--259},
  year={2001},
  organization={Springer}
}

@incollection{Galindo2005,
  title={Boneh-Franklin identity based encryption revisited},
  author={Galindo, David},
  booktitle={Automata, Languages and Programming},
  pages={791--802},
  year={2005},
  publisher={Springer}
}

@inproceedings{RackoffSimon1992,
  title={Non-interactive zero-knowledge proof of knowledge and chosen ciphertext attack},
  author={Rackoff, Charles and Simon, Daniel R},
  booktitle={Advances in Cryptology―CRYPTO’91},
  pages={433--444},
  year={1992},
  organization={Springer}
}

@inproceedings{Bleichenbacher1998,
  title={Chosen ciphertext attacks against protocols based on the RSA encryption standard PKCS\# 1},
  author={Bleichenbacher, Daniel},
  booktitle={Advances in Cryptology―CRYPTO'98},
  pages={1--12},
  year={1998},
  organization={Springer}
}

@incollection{Barthe2011,
  title={Computer-aided security proofs for the working cryptographer},
  author={Barthe, Gilles and Gr{\'e}goire, Benjamin and Heraud, Sylvain and B{\'e}guelin, Santiago Zanella},
  booktitle={Advances in Cryptology--CRYPTO 2011},
  pages={71--90},
  year={2011},
  publisher={Springer}
}

@inproceedings{Blanchet2001,
  title={An Efficient Cryptographic Protocol Verifier Based on Prolog Rules.},
  author={Blanchet, Bruno and others},
  booktitle={csfw},
  volume={1},
  pages={82--96},
  year={2001}
}

@article{Blanchet2008cryptoverif,
  title={A computationally sound mechanized prover for security protocols},
  author={Blanchet, Bruno},
  journal={Dependable and Secure Computing, IEEE Transactions on},
  volume={5},
  number={4},
  pages={193--207},
  year={2008},
  publisher={IEEE}
}

@inproceedings{Armando2005,
  title={The AVISPA tool for the automated validation of internet security protocols and applications},
  author={Armando, Alessandro and Basin, David and Boichut, Yohan and Chevalier, Yannick and Compagna, Luca and Cu{\'e}llar, Jorge and Drielsma, P Hankes and H{\'e}am, Pierre-Cyrille and Kouchnarenko, Olga and Mantovani, Jacopo and others},
  booktitle={Computer Aided Verification},
  pages={281--285},
  year={2005},
  organization={Springer}
}

@inproceedings{Barthe2009certi,
  title={Formal certification of code-based cryptographic proofs},
  author={Barthe, Gilles and Gr{\'e}goire, Benjamin and Zanella B{\'e}guelin, Santiago},
  booktitle={ACM SIGPLAN Notices},
  volume={44},
  number={1},
  pages={90--101},
  year={2009},
  organization={ACM}
}

@manual{coq2010,
 title={The Coq Proof Assistant Reference Manual Version 8.3},
 author={The Coq development team},
 url={http://coq.inria.fr/}
 year={2010}
}

@inproceedings{Zanella2009FDH,
  title={Formally certifying the security of digital signature schemes},
  author={Zanella-Beguelin, Santiago and Barthe, Gilles and Gr{\'e}goire, Benjamin and Olmedo, Federico},
  booktitle={Security and Privacy, 2009 30th IEEE Symposium on},
  pages={237--250},
  year={2009},
  organization={IEEE}
}

@incollection{Barthe2011OAEP,
  title={Beyond provable security verifiable IND-CCA security of OAEP},
  author={Barthe, Gilles and Gr{\'e}goire, Benjamin and Lakhnech, Yassine and B{\'e}guelin, Santiago Zanella},
  booktitle={Topics in Cryptology--CT-RSA 2011},
  pages={180--196},
  year={2011},
  publisher={Springer}
}

@inproceedings{CramerShoup1998,
  title={A practical public key cryptosystem provably secure against adaptive chosen ciphertext attack},
  author={Cramer, Ronald and Shoup, Victor},
  booktitle={Advances in Cryptology―CRYPTO'98},
  pages={13--25},
  year={1998},
  organization={Springer}
}

@Article{BennetBrassard1984,
	author	= "Charles Henry Bennett and Gilles Brassard",
	title 	= "Quantum cryptography:
Public-key distribution and coin tossing",
	journal = "IEEE International Conference on Computers,
Systems and Signal Processing",
        publisher = "IEEE Press",
	year	= "1984",
	pages	= "175-179"
}

@article{TamakiKoashiImoto2003,
  title={Unconditionally secure key distribution based on two nonorthogonal states},
  author={Tamaki, Kiyoshi and Koashi, Masato and Imoto, Nobuyuki},
  journal={Physical review letters},
  volume={90},
  number={16},
  pages={167904},
  year={2003},
  publisher={APS}
}

@article{Mayers1998,
  title={Unconditional security in Quantum Cryptography},
  author={Mayers, Dominic},
  year={1998}
}

@article{Mayers2001,
 author = {Dominic Mayers},
 title = {Unconditional security in quantum cryptography},
 journal = {J. ACM},
 volume = {48},
 issue = {3},
 month = {May},
 year = {2001},
 issn = {0004-5411},
 pages = {351--406},
 numpages = {56},
 url = {http://doi.acm.org/10.1145/382780.382781},
 doi = {http://doi.acm.org/10.1145/382780.382781},
 acmid = {382781},
 publisher = {ACM},
 address = {New York, NY, USA},
 keywords = {quantum cryptography, quantum information theory, unconditional security},
} 

@article{DiffieHellman1976,
  title={New directions in cryptography},
  author={Diffie, Whitfield and Hellman, Martin},
  journal={Information Theory, IEEE Transactions on},
  volume={22},
  number={6},
  pages={644--654},
  year={1976},
  publisher={IEEE}
}

@inproceedings{GayNagarajan2005,
  title={Communicating quantum processes},
  author={Gay, Simon J and Nagarajan, Rajagopal},
  booktitle={ACM SIGPLAN Notices},
  volume={40},
  number={1},
  pages={145--157},
  year={2005},
  organization={ACM}
}

@book{Milner1999,
  title={Communicating and mobile systems: the pi calculus},
  author={Milner, Robin},
  year={1999},
  publisher={Cambridge university press}
}

@inproceedings{AbadiFournet2001,
  title={Mobile values, new names, and secure communication},
  author={Abadi, Mart{\'\i}n and Fournet, C{\'e}dric},
  booktitle={ACM SIGPLAN Notices},
  volume={36},
  number={3},
  pages={104--115},
  year={2001},
  organization={ACM}
}

@incollection{Blanchet2006FDH,
  title={Automated security proofs with sequences of games},
  author={Blanchet, Bruno and Pointcheval, David},
  booktitle={Advances in Cryptology-CRYPTO 2006},
  pages={537--554},
  year={2006},
  publisher={Springer}
}

@inproceedings{Blanchet2008Kerberos,
  title={Computationally sound mechanized proofs for basic and public-key Kerberos},
  author={Blanchet, Bruno and Jaggard, Aaron D and Scedrov, Andre and Tsay, J-K},
  booktitle={Proceedings of the 2008 ACM symposium on Information, computer and communications security},
  pages={87--99},
  year={2008},
  organization={ACM}
}

@misc{Blanchet2012oeke,
    author = {Bruno Blanchet},
    title = {Automatically Verified Mechanized Proof of One-Encryption Key Exchange},
    howpublished = {Cryptology ePrint Archive, Report 2012/173},
    year = {2012},
    note = {\url{http://eprint.iacr.org/}},
}

@article{Adao2007,
  title={A process algebra for reasoning about quantum security},
  author={Adao, Pedro and Mateus, Paulo},
  journal={Electronic Notes in Theoretical Computer Science},
  volume={170},
  pages={3--21},
  year={2007},
  publisher={Elsevier}
}

@article{Lalire2006,
  title={Relations among quantum processes: bisimilarity and congruence},
  author={Lalire, Marie},
  journal={Mathematical Structures in Computer Science},
  volume={16},
  number={3},
  pages={407--428},
  year={2006},
  publisher={Cambridge Univ Press}
}

@article{Davidson-etal2012,
  title={Analysis of a quantum error correcting code using quantum process calculus},
  author={Davidson, Timothy A. S. and Gay, Simon J and Nagarajan, Rajagopal and Puthoor, Ittoop Vergheese},
  journal={EPTCS 95},
  pages={67--80},
  year={2012}
}

@book{NielsenChuang-Kimura2004,
  title={Quantum Computation and Quantum Information},
  author={Nielsen, Michael A. and Chuang, Issac L},
  year={2004},
  publisher={Ohmsha},
  note={Translated to Japanese by Tatsuya Kimura}
}

@book{Ishizakaetal2012,
  title={Introduction to Quantum Information Science (量子情報科学入門)},
  author={Satoshi Ishizaka and Tomohiro Ogawa and Akinori Kawachi and
 Gen Kimura and Masahito Hayashi},
  year={2012},
  publisher={Kyoritsu Shuppan},
  note={(in Japanese)},
}

@Article{ShorPreskill2000,
  title = {Simple Proof of Security of the
 BB84 Quantum Key Distribution Protocol},
  author = {Peter Williston Shor and John Preskill},
  journal = {Phys. Rev. Lett.},
  volume = {85},
  number = {2},
  pages = {441--444},
  numpages = {3},
  year = {2000},
  month = {Jul},
  doi = {10.1103/PhysRevLett.85.441},
  publisher = {American Physical Society}
}

@Article{LoChau1999,
  title = {Unconditional Security of Quantum Key Distribution over 
           Arbitrarily Long Distances},
  author = {Hoi-Kwong Lo, and  Hoi Fung Chau},
  journal = {Phys. Rev. Lett.},
  volume = {283},
  number = {5410},
  pages = {2050--2056},
  numpages = {7},
  year = {1999},
  month = {Mar},
  doi = {DOI: 10.1126/science.283.5410.2050},
}

@Article{CalderbankShor1996,
  title = {Good quantum error-correcting codes exist},
  author = {Arthur Robert Calderbank and Peter Williston Shor},
  journal = {Phys. Rev. A},
  volume = {54},
  number = {2},
  pages = {1098--1105},
  numpages = {7},
  year = {1996},
  month = {Aug},
  doi = {10.1103/PhysRevA.54.1098},
  publisher = {American Physical Society}
}

@article{FengDuanJiYing2007,
  title={Probabilistic bisimulations for quantum processes},
  author={Feng, Yuan and Duan, Runyao and Ji, Zhengfeng and Ying, Mingsheng},
  journal={Information and Computation},
  volume={205},
  number={11},
  pages={1608--1639},
  year={2007},
  publisher={Elsevier}
}

@article{Ying2009,
  title={An algebra of quantum processes},
  author={Ying, Mingsheng and Feng, Yuan and Duan, Runyao and Ji, Zhengfeng},
  journal={ACM Transactions on Computational Logic (TOCL)},
  volume={10},
  number={3},
  pages={19},
  year={2009},
  publisher={ACM}
}

@article{FengDuanYing2011,
 author = {Feng, Yuan and Duan, Runyao and Ying, Mingsheng},
 title = {Bisimulation for quantum processes},
 journal = {SIGPLAN Not.},
 issue_date = {January 2011},
 volume = {46},
 number = {1},
 month = jan,
 year = {2011},
 issn = {0362-1340},
 pages = {523--534},
 numpages = {12},
 url = {http://doi.acm.org/10.1145/1925844.1926446},
 doi = {10.1145/1925844.1926446},
 acmid = {1926446},
 publisher = {ACM},
 address = {New York, NY, USA},
 keywords = {bisimulation, congruence, quantum communication, quantum computing, quantum process algebra},
} 

@incollection{DengFeng2012,
 year={2012},
 isbn={978-3-642-33474-0},
 booktitle={Theoretical Computer Science},
 volume={7604},
 series={Lecture Notes in Computer Science},
 editor={Baeten, Jos C.M. and Ball, Tom and Boer, Frank S.},
 doi={10.1007/978-3-642-33475-7_9},
 title={Open Bisimulation for Quantum Processes},
 url={http://dx.doi.org/10.1007/978-3-642-33475-7_9},
 publisher={Springer Berlin Heidelberg},
 author={Deng, Yuxin and Feng, Yuan},
 pages={119-133}
}

@article{FengDengYing2012,
  title={Symbolic bisimulation for quantum processes},
  author={Feng, Yuan and Deng, Yuxin and Ying, Mingsheng},
  journal={arXiv preprint arXiv:1202.3484},
  year={2012}
}

@article{Meyer1999,
  title={Quantum strategies},
  author={Meyer, David A},
  journal={Physical Review Letters},
  volume={82},
  number={5},
  pages={1052},
  year={1999},
  publisher={APS}
}

@article{Kubota2012,
  title = {Application of a process calculus to security proofs of quantum protocols},
  author = {Takahiro Kubota and Yoshihiko Kakutani and Go Kato and Yasuhito Kawano and Hideki Sakurada},
  journal = {Proceedings of WORLDCOMP/FCS2012},
  year = {2012},
  month = {Jul},
}

@article{Kubota2013,
  title={Automated Verification of Equivalence on Quantum Cryptographic Protocols},
  author={Kubota, Takahiro and Kakutani, Yoshihiko and Kato, Go and Kawano, Yasuhito and Sakurada, Hideki},
  journal={Symbolic Computation in Software Science},
  pages={64},
  year={2013}
}

@InProceedings{NagarajanPapanikolaouBowenGay2005,
  title={An automated analysis of the security of quantum key distribution},
  author={Nagarajan, Rajagopal and Papanikolaou, Nikolaos and Bowen, Garry and Gay, Simon},
  booktitle={Proc. 3rd International Workshop on Security Issues in Concurrency (SecCo'05)},
  year={2005},
}

@inproceedings{KwiatkowskaNormanParker2004,
  title={PRISM 2.0: A tool for probabilistic model checking},
  author={Kwiatkowska, Marta and Norman, Gethin and Parker, David},
  booktitle={Proceedings of First International Conference on the
 Quantitative Evaluation of Systems},
  pages={322--323},
  year={2004},
  organization={IEEE}
}

@Article{Selinger2004,
 author = {Peter Selinger},
 title = {Towards a quantum programming language},
 journal = {Mathematical Structures in Computer Science},
 volume = {14},
 year = {2004},
 pages = {527--586},
 doi = {doi:10.1017/S0960129504004256 },
}

@incollection{KubotaKakutaniKatoKawono2011,
  title={A formal approach to unconditional security proofs for quantum key distribution},
  author={Kubota, Takahiro and Kakutani, Yoshihiko and Kato, Go and Kawano, Yasuhito},
  booktitle={Unconventional Computation},
  pages={125--137},
  year={2011},
  publisher={Springer}
}

@incollection{Kakutani2009,
  title={A logic for formal verification of quantum programs},
  author={Kakutani, Yoshihiko},
  booktitle={Advances in Computer Science-ASIAN 2009. Information Security and Privacy},
  pages={79--93},
  year={2009},
  publisher={Springer}
}

@incollection{Ying2000,
  title={Approximate bisimilarity},
  author={Ying, Mingsheng and Wirsing, Martin},
  booktitle={Algebraic Methodology and Software Technology},
  pages={309--322},
  year={2000},
  publisher={Springer}
}

@inproceedings{Girard2005,
  title={Approximate bisimulations for nonlinear dynamical systems},
  author={Girard, Antoine and Pappas, George J},
  booktitle={Decision and Control, 2005 and 2005 European Control Conference. CDC-ECC'05. 44th IEEE Conference on},
  pages={684--689},
  year={2005},j
  organization={IEEE}
}

@article{KoashiPreskill2003,
  title={Secure quantum key distribution with an uncharacterized source},
  author={Koashi, Masato and Preskill, John},
  journal={Physical review letters},
  volume={90},
  number={5},
  pages={057902},
  year={2003},
  publisher={APS}
}

@article{Lo2003,
  title={Method for decoupling error correction from privacy amplification},
  author={Lo, Hoi-Kwong},
  journal={New Journal of Physics},
  volume={5},
  number={1},
  pages={36},
  year={2003},
  publisher={IOP Publishing}
}

@article{Bennett1992,
  title={Quantum cryptography using any two nonorthogonal states},
  author={Bennett, Charles Henry},
  journal={Physical Review Letters},
  volume={68},
  number={21},
  pages={3121},
  year={1992},
  publisher={APS}
}

@article{Bruss1998,
  title={Optimal eavesdropping in quantum cryptography with six states},
  author={Bru{\ss}, Dagmar},
  journal={Physical Review Letters},
  volume={81},
  number={14},
  pages={3018},
  year={1998},
  publisher={APS}
}

@article{Lo2001,
 author = {Lo, Hoi-Kwong},
 title = {Proof of Unconditional Security of Six-state Quatum Key Distribution Scheme},
 journal = {Quantum Information and Computation},
 volume = {1},
 number = {2},
 year = {2001},
 pages = {81--94},
 numpages = {14},
 publisher = {Rinton Press, Incorporated},
}

@article{Larsen1991,
  title={Bisimulation through probabilistic testing},
  author={Larsen, Kim G and Skou, Arne},
  journal={Information and computation},
  volume={94},
  number={1},
  pages={1--28},
  year={1991},
  publisher={Elsevier}
}

@incollection{Goubault2007,
  title={A probabilistic applied pi--calculus},
  author={Goubault-Larrecq, Jean and Palamidessi, Catuscia and Troina, Angelo},
  booktitle={Programming Languages and Systems},
  pages={175--190},
  year={2007},
  publisher={Springer}
}

@misc{KnuthBendix1970,
  title={Simple word problems in universal algebras. J. Leech, editor, Computational Problems in Abstract Algebra, 263--297},
  author={Knuth, Donald E and Bendix, Peter B},
  year={1970},
  publisher={Pergamon Press, Oxford}
}

@incollection{Deng2009,
  title={Testing finitary probabilistic processes},
  author={Deng, Yuxin and Van Glabbeek, Rob and Hennessy, Matthew and Morgan, Carroll},
  booktitle={CONCUR 2009-Concurrency Theory},
  pages={274--288},
  year={2009},
  publisher={Springer}
}

@article{DeNicola1984,
  title={Testing equivalences for processes},
  author={De Nicola, Rocco and Hennessy, Matthew CB},
  journal={Theoretical Computer Science},
  volume={34},
  number={1},
  pages={83--133},
  year={1984},
  publisher={Elsevier}
}

@misc{Yasuda2014,
  author={Yasuda, Kazuya},
  title={Observational equivalence using schedulers for quantum processes},
  note={Bachelor's Thesis},
  howpublished={The University of Tokyo},
  year={2014}
}